@incollection{church:1941,
 ISBN      = {9780691083940},
 URL       = {http://www.jstor.org/stable/j.ctt1b9x12d.4},
 author    = {Alonzo Church},
 pages     = {8--27},
 publisher = {Princeton University Press},
 booktitle = {The Calculi of Lambda Conversion},
 title     = {LAMBDA-CONVERSION},
 urldate   = {2024-12-29},
 year      = {1941}
}

@misc{van-bakel:2022,
  author  = {\VAN{Bakel}{Van}{van} Bakel, Steffen},
  title   = {Lecture Notes on Type Systems for Programming Languages},
  year    = {2022},
  url     = {https://www.doc.ic.ac.uk/~svb/TSfPL/},
  urldate = {2025-01-05}
}

@misc{breitner:2016,
  title   = {Visual theorem proving with the Incredible Proof Machine},
  author  = {Breitner, Joachim},
  year    = {2016},
  url     = {https://www.joachim-breitner.de/publications/Incredible_ITP2016_preprint.pdf},
  urldate = {2025-01-07}
}

@online{incredibleproofmachine,
  title   = {The Incredible Proof Machine},
  author  = {Breitner, Joachim},
  url     = {https://incredible.pm/},
  urldate = {2025-01-07}
}

@online{pandora,
  title   = {Pandora IV},
  url     = {https://www.doc.ic.ac.uk/pandora/newpandora/},
  urldate = {2025-01-05}
}

@article{pandora:2007,
  author   = {Broda, Krysia and Ma, Jiefei and Sinnadurai, Gabrielle and Summers, Alexander},
  journal  = {Logic Journal of the IGPL}, 
  title    = {Pandora: A Reasoning Toolbox using Natural Deduction Style}, 
  year     = {2007},
  volume   = {15},
  number   = {4},
  pages    = {293-304},
  keywords = {natural deduction;Fitch box proof;first order logic;predicate logic;teaching;learning;e-learning;reasoning about programs},
  doi      = {10.1093/jigpal/jzm020},
  url      = {https://www.doc.ic.ac.uk/~kb/papers/igpl-paper.pdf},
  urldate  = {2025-01-05}
}

@online{parjs,
  title   = {parjs},
  url     = {https://github.com/GregRos/parjs},
  urldate = {2025-05-21}
}

@online{parjs:maybe,
  title   = {parjs / combinators / maybe / Function maybe},
  url     = {https://gregros.github.io/parjs/functions/combinators.maybe.html},
  urldate = {2025-05-24}
  }

@online{parjs:or,
  title   = {parjs / combinators / or / Function or},
  url     = {https://gregros.github.io/parjs/functions/combinators.or.html},
  urldate = {2025-05-22}
}

@online{parjs:pipe,
  title   = {parjs / combinators / pipe / Function pipe},
  url     = {https://gregros.github.io/parjs/functions/combinators.pipe.html},
  urldate = {2025-05-22}
}

@online{parjs:then,
  title   = {parjs / combinators / then / Function then},
  url     = {https://gregros.github.io/parjs/functions/combinators.then.html},
  urldate = {2025-05-22}
}

@online{statcounter,
  title   = {Desktop Browser Market Share Worldwide},
  url     = {https://gs.statcounter.com/browser-market-share/desktop/worldwide},
  urldate = {2025-05-21}
}

@online{typescript,
  title   = {TypeScript: JavaScript With Syntax For Types.},
  url     = {https://www.typescriptlang.org/},
  urldate = {2025-05-22}
}

@online{webassembly,
  title   = {WebAssembly},
  url     = {https://developer.mozilla.org/en-US/docs/WebAssembly},
  urldate = {2025-05-22}
}

@online{webassembly:caniuse,
  title   = {Can I use WebAssembly?},
  url     = {https://caniuse.com/wasm},
  urldate = {2025-05-22}
}

@Inproceedings{carnap:2018,
  author    = {Leach-Krouse, Graham},
  year      = {2018},
  title     = {Carnap: An Open Framework for Formal Reasoning in the Browser},
  editor    = {Quaresma, Pedro and Neuper, Walther},
  booktitle = {{\rm Proceedings 6th International Workshop on}
               Theorem proving components for Educational software,
               {\rm Gothenburg, Sweden, 6 Aug 2017}},
  series    = {Electronic Proceedings in Theoretical Computer Science},
  volume    = {267},
  publisher = {Open Publishing Association},
  pages     = {70-88},
  doi       = {10.4204/EPTCS.267.5},
}

@online{carnap,
  title   = {Carnap.io},
  url     = {https://carnap.io/},
  urldate = {2025-01-22}
}

@online{carnap:about,
  title   = {About Carnap},
  url     = {https://carnap.io/about},
  urldate = {2025-01-23}
}

@online{carnap:book,
  title   = {The Carnap Book},
  url     = {https://carnap.io/book},
  urldate = {2025-01-22}
}

@online{carnap:systems,
  title   = {Systems supported by Carnap},
  url     = {https://carnap.io/srv/doc/systems.md},
  urldate = {2025-01-23}
}

@InProceedings{nipkow:2012,
  author    = {Nipkow, Tobias},
  editor    = {Kuncak, Viktor and Rybalchenko, Andrey},
  title     = {Teaching Semantics with a Proof Assistant: No More LSD Trip Proofs},
  booktitle = {Verification, Model Checking, and Abstract Interpretation},
  year      = {2012},
  publisher = {Springer Berlin Heidelberg},
  address   = {Berlin, Heidelberg},
  pages     = {24--38},
  abstract  = {We describe a course on the semantics of a simple imperative programming language and on applications to compilers, type systems, static analyses and Hoare logic. The course is entirely based on the proof assistant Isabelle and includes a compact introduction to Isabelle. The overall aim is to teach the students how to write correct and readable proofs.},
  isbn      = {978-3-642-27940-9}
}

@inproceedings{ahmed:2013,
  title     = {Automatically generating problems and solutions for natural deduction},
  author    = {Ahmed, Umair Z and Gulwani, Sumit and Karkare, Amey},
  booktitle = {Twenty-Third International Joint Conference on Artificial Intelligence},
  year      = {2013}
}

@book{gentzen:1969,
  title     = {The Collected Papers of Gerhard Gentzen},
  author    = {Gentzen, G. and Szabo, M.E.},
  isbn      = {9780720422542},
  lccn      = {71097201},
  series    = {Studies in logic and the foundations of mathematics},
  year      = {1969},
  pages     = {68-131},
  publisher = {North-Holland Publishing Company}
}

@misc{oracle:2020,
  title   = {Java Client Roadmap Update},
  author  = {Oracle},
  year    = {2020},
  url     = {https://www.oracle.com/technetwork/java/javase/javaclientroadmapupdatev2020may-6548840.pdf},
  urldate = {2025-01-22}
}

@article{church:1936,
  author    = {Alonzo Church},
  doi       = {10.2307/2268571},
  journal   = {Journal of Symbolic Logic},
  number    = {2},
  pages     = {73--74},
  publisher = {Association for Symbolic Logic},
  title     = {An Unsolvable Problem of Elementary Number Theory},
  volume    = {1},
  year      = {1936}
}

@article{turing:1937,
  title   = {Computability and Î»-definability},
  volume  = {2},
  DOI     = {10.2307/2268280},
  number  = {4},
  journal = {Journal of Symbolic Logic},
  author  = {Turing, A. M.},
  year    = {1937},
  pages   = {153-163}
}